@misc{theory,
 title={Вероятностные разделы математики. Учебник для бакалавров технических направлений.Под ред. Максимова Ю.Д. — Спб.: «Иван Федоров», 2001. — 592 c., илл.}
}


