@misc{mariadb,
 title={MariaDB Server Documentation},
 url={https://mariadb.com/kb/en/library/documentation/}
}
@misc{SciPy,
 title={Безусловная минимизация скалярной функции нескольких переменных},
 url={https://habr.com/ru/post/439288/}
}

@misc{theory,
 title={Вероятностные разделы математики. Учебник для бакалавров технических направлений.\\Под ред. Максимова Ю.Д. — Спб.: «Иван Федоров», 2001. — 592 c., илл.}, 
 url={https://t-library.ru/showBook.php?id=349}
}
