@misc{ellipse,
 title={Plot a confidence ellipse of a two-dimensional datasetn},
 url={https://matplotlib.org/devdocs/gallery/statistics/confidence_ellipse.html}
}
@misc{ellipse_theory,
 title={Вентцель Е.С. Теория вероятностей: Учеб. для вузов. — 6-е изд. стер. — М.: Высш. шк., 1999.— 576 c.},
 url={http://scask.ru/a_book_tp.php}
}

@misc{theory,
 title={Вероятностные разделы математики. Учебник для бакалавров технических направлений.\\Под ред. Максимова Ю.Д. — Спб.: «Иван Федоров», 2001. — 592 c., илл.}, 
 url={https://t-library.ru/showBook.php?id=349}
}

